@ARTICLE{2015CQGra..32a5014M,
       author = {{Moore}, C.~J. and {Cole}, R.~H. and {Berry}, C.~P.~L.},
        title = "{Gravitational-wave sensitivity curves}",
      journal = {Classical and Quantum Gravity},
     keywords = {General Relativity and Quantum Cosmology, Astrophysics - High Energy Astrophysical Phenomena},
         year = 2015,
        month = jan,
       volume = {32},
       number = {1},
          eid = {015014},
        pages = {015014},
          doi = {10.1088/0264-9381/32/1/015014},
archivePrefix = {arXiv},
       eprint = {1408.0740},
 primaryClass = {gr-qc},
       adsurl = {https://ui.adsabs.harvard.edu/abs/2015CQGra..32a5014M},
      adsnote = {Provided by the SAO/NASA Astrophysics Data System}
}

@article{2008CQGra..25d5002B,
  author={{Beauville}, F. and {Bizouard}, M. -A. and {Blackburn}, L. and {Bosi}, L. and {Brocco}, L. and {Brown}, D.~A. and {Buskulic}, D. and {Cavalier}, F. and {Chatterji}, S. and {Christensen}, N. and {Clapson}, A. -C. and {Fairhurst}, S. and {Grosjean}, D. and {Guidi}, G. and {Hello}, P. and {Heng}, S. and {Hewitson}, M. and {Katsavounidis}, E. and {Klimenko}, S. and {Knight}, M. and {Lazzarini}, A. and {Leroy}, N. and {Marion}, F. and {Markowitz}, J. and {Melachrinos}, C. and {Mours}, B. and {Ricci}, F. and {Vicer{\'e}}, A. and {Yakushin}, I. and {Zanolin}, M. and {joint LSC/Virgo working Group}},
  title={A comparison of methods for gravitational wave burst searches from LIGO and Virgo},
  journal={Classical and Quantum Gravity},
  year={2008},
  volume={25},
  pages={045002},
  month={Feb}
}

@article{sathyaschutz,
  author={{Sathyaprakash}, B.S. and {Schutz}, B.F.},
  title={Physics, Astrophysics and Cosmology with Gravitational Waves},
  journal={Living Reviews in Relativity},
  year=2009
}

@article{2008APh....30..105C,
  author={{Capozziello}, S. and {Laurentis}, M.~D.},
  title={Gravitational waves from stellar encounters},
  journal={Astroparticle Physics},
  year={2008},
  volume={30},
  pages={105-112},
  month={sep}
}


@article{1988PhRvD..37.2078A,
  author={{Allen}, B.},
  title={Stochastic gravity-wave background in inflationary-universe models},
  journal={\prd},
  year={1988},
  volume={37},
  pages={2078-2085},
  month={apr}
}


@article{1980Natur.287..307B,
  author={{Begelman}, M.~C. and {Blandford}, R.~D. and {Rees}, M.~J.},
  title={Massive black hole binaries in active galactic nuclei},
  journal={\nat},
  year={1980},
  volume={287},
  pages={307-309},
  month={sep}
}